<?xml version="1.0" encoding="UTF-8"?><record xmlns="http://www.loc.gov/MARC21/slim" xmlns:cinclude="http://apache.org/cocoon/include/1.0" xmlns:zs="http://www.loc.gov/zing/srw/">
  <leader>00714cz  a2200181n  4500</leader>
  <controlfield tag="001">no2014167422</controlfield>
  <controlfield tag="003">DLC</controlfield>
  <controlfield tag="005">20150114073922.0</controlfield>
  <controlfield tag="008">141219n| azannaabn          |a ana     c</controlfield>
  <datafield tag="010" ind1=" " ind2=" ">
    <subfield code="a">no2014167422</subfield>
  </datafield>
  <datafield tag="035" ind1=" " ind2=" ">
    <subfield code="a">(OCoLC)oca10044966</subfield>
  </datafield>
  <datafield tag="040" ind1=" " ind2=" ">
    <subfield code="a">OCUCA</subfield>
    <subfield code="b">eng</subfield>
    <subfield code="e">rda</subfield>
    <subfield code="c">OCUCA</subfield>
    <subfield code="d">OCUCA</subfield>
  </datafield>
  <datafield tag="046" ind1=" " ind2=" ">
    <subfield code="k">19590921</subfield>
  </datafield>
  <datafield tag="110" ind1="1" ind2=" ">
    <subfield code="a">United States.</subfield>
    <subfield code="t">Act to amend the Atomic Energy Act of 1954, as amended (1959)</subfield>
  </datafield>
  <datafield tag="377" ind1=" " ind2=" ">
    <subfield code="a">eng</subfield>
  </datafield>
  <datafield tag="380" ind1=" " ind2=" ">
    <subfield code="a">Statutes and codes</subfield>
    <subfield code="2">lcgft</subfield>
  </datafield>
  <datafield tag="410" ind1="1" ind2=" ">
    <subfield code="a">United States.</subfield>
    <subfield code="t">Public Law 86-300</subfield>
  </datafield>
  <datafield tag="670" ind1=" " ind2=" ">
    <subfield code="a">Covington &amp; Burling. Amendments to the Atomic Energy Act of 1954, 1959?:</subfield>
    <subfield code="b">(Public Law 86-300, 86th Congress, S. 2569, September 21, 1959; Act to amend the Atomic Energy Act of 1954, as amended; 73 Stat. 574)</subfield>
  </datafield>
</record>